@article{avizienis2004,
author = {Algirdas Avizienis and Jean-Claude Laprie and Brian Randell and Carl Landwehr},
journal = {IEEE Transactions on dependable and secure computing},
volume =  {1},
number = {1},
month = {JANUARY-MARCH},
year = {2004},
title = {Basic Concepts and Taxonomy of Dependable and Secure Computing}
}

@article{mondal,
author = {Mondal, Soumik},
year = {2016},
month = {Feb},
pages = {67-73},
title = {Continuous User Authentication and Identification: Combination of Security \& Forensics},
note="Available online: \url{http://hdl.handle.net/11250/2388087}"
}

@article{BOURS201236,
title = "Continuous keystroke dynamics: A different perspective towards biometric evaluation",
journal = "Information Security Technical Report",
volume = "17",
number = "1",
pages = "36 - 43",
year = "2012",
note = "Human Factors and Bio-metrics",
issn = "1363-4127",
doi = "https://doi.org/10.1016/j.istr.2012.02.001",
url = "http://www.sciencedirect.com/science/article/pii/S1363412712000027",
author = "Patrick Bours"
}

@article{gunettiPicardi,
 author = {Gunetti, Daniele and Picardi, Claudia},
 title = {Keystroke Analysis of Free Text},
 journal = {ACM Trans. Inf. Syst. Secur.},
 issue_date = {August 2005},
 volume = {8},
 number = {3},
 month = aug,
 year = {2005},
 issn = {1094-9224},
 pages = {312--347},
 numpages = {36},
 url = {http://doi.acm.org/10.1145/1085126.1085129},
 doi = {10.1145/1085126.1085129},
 acmid = {1085129},
 publisher = {ACM},
 address = {New York, NY, USA},
 keywords = {Biometric techniques, identity verification, keystroke analysis of free text},
}

@Inbook{Kolakowska2011,
author="Kolakowska, Agata",
editor="Burduk, Robert
and Kurzy{\'{n}}ski, Marek
and Wo{\'{z}}niak, Micha{\l}
and {\.{Z}}o{\l}nierek, Andrzej",
title="User Authentication Based on Keystroke Dynamics Analysis",
bookTitle="Computer Recognition Systems 4",
year="2011",
publisher="Springer Berlin Heidelberg",
address="Berlin, Heidelberg",
pages="667--675",
isbn="978-3-642-20320-6",
doi="10.1007/978-3-642-20320-6_68",
url="https://doi.org/10.1007/978-3-642-20320-6_68"
}

@INPROCEEDINGS{Messerman, 
author={A. Messerman and T. Mustafić and S. A. Camtepe and S. Albayrak}, 
booktitle={2011 International Joint Conference on Biometrics (IJCB)}, 
title={Continuous and non-intrusive identity verification in real-time environments based on free-text keystroke dynamics}, 
year={2011}, 
volume={}, 
number={}, 
pages={1-8}, 
keywords={Internet;biometrics (access control);security of data;text analysis;ubiquitous computing;Internet services;authentication requirements;biometrics behavior;free text keystroke dynamics;keystroke dynamics;nonintrusive identity verification;password security;real-time environments;ubiquitous computing;workstation attacks;Boolean functions;Data structures}, 
doi={10.1109/IJCB.2011.6117552}, 
ISSN={}, 
month={Oct},}

@INPROCEEDINGS{meaningless, 
author={K. A. Rahman and K. S. Balagani and V. V. Phoha}, 
booktitle={CVPR 2011 WORKSHOPS}, 
title={Making impostor pass rates meaningless: A case of snoop-forge-replay attack on continuous cyber-behavioral verification with keystrokes}, 
year={2011}, 
volume={}, 
number={}, 
pages={31-38}, 
keywords={biometrics (access control);security of data;continuous cyber behavioral verification;snoop forge replay attack;snooped information;stolen keystroke timing information;zero effort impostor attack;zero effort verification experiment;Authentication;Databases;Feature extraction;Forgery;Presses;Software;Timing}, 
doi={10.1109/CVPRW.2011.5981729}, 
ISSN={2160-7508}, 
month={June},}

@INPROCEEDINGS{prettyBadPaper, 
author={J. Hu and D. Gingrich and A. Sentosa}, 
booktitle={2008 IEEE International Conference on Communications}, 
title={A k-Nearest Neighbor Approach for User Authentication through Biometric Keystroke Dynamics}, 
year={2008}, 
volume={}, 
number={}, 
pages={1556-1560}, 
keywords={authorisation;biometrics (access control);pattern recognition;access control;biometric authentication;biometric keystroke dynamics;false acceptance rate;false rejection rate;identification based authentication;k-nearest neighbor approach;user authentication;Access control;Authentication;Biometrics;Communications Society;Dictionaries;Fingerprint recognition;Keyboards;Large-scale systems;Pins;Security}, 
doi={10.1109/ICC.2008.301}, 
ISSN={1550-3607}, 
month={May},}

@INPROCEEDINGS{fast, 
author={T. Shimshon and R. Moskovitch and L. Rokach and Y. Elovici}, 
booktitle={2010 International Conference on Computational Intelligence and Security}, 
title={Continuous Verification Using Keystroke Dynamics}, 
year={2010}, 
volume={}, 
number={}, 
pages={411-415}, 
keywords={authorisation;continuous verification;false acceptance rate;false rejection rate;keystroke dynamics;user authentication;biometrics;computer security;free text;keystroke dynamics;user verification}, 
doi={10.1109/CIS.2010.95}, 
ISSN={}, 
month={Dec},}

@INPROCEEDINGS{Davoudi1, 
author={H. Davoudi and E. Kabir}, 
booktitle={2009 14th International CSI Computer Conference}, 
title={A new distance measure for free text keystroke authentication}, 
year={2009}, 
volume={}, 
number={}, 
pages={570-575}, 
keywords={authorisation;directed graphs;handwritten character recognition;text analysis;digraph;distance measure;free text keystroke authentication;histogram-based density estimation;keystroke dynamics-based authentication;Authentication;Biometrics;Electric variables measurement;Hardware;Keyboards;Law;Legal factors;Speech;Testing;Timing;Biometrics;Free text;Keystroke Dynamics-Based Authentication}, 
doi={10.1109/CSICC.2009.5349640}, 
ISSN={}, 
month={Oct},}

@INPROCEEDINGS{Davoudi2, 
author={H. Davoudi and E. Kabir}, 
booktitle={2010 5th International Symposium on Telecommunications}, 
title={Modification of the relative distance for free text keystroke authentication}, 
year={2010}, 
volume={}, 
number={}, 
pages={547-551}, 
keywords={biometrics (access control);directed graphs;FAR measurement;FRR measurement;biometrics;digraphs;free text keystroke authentication;relative distance measurement;Authentication;Biometrics;Computers;Pressing;Timing;Training;Biometrics;distance measure;free text;keystroke patterns;relative distance;user authentication}, 
doi={10.1109/ISTEL.2010.5734085}, 
ISSN={}, 
month={Dec},}

@INPROCEEDINGS{superResults, 
author={J. Ferreira and H. Santos}, 
booktitle={2012 International Conference on Cyber-Enabled Distributed Computing and Knowledge Discovery}, 
title={Keystroke Dynamics for Continuous Access Control Enforcement}, 
year={2012}, 
volume={}, 
number={}, 
pages={216-223}, 
keywords={authorisation;message authentication;access control vulnerability;continuous access control enforcement;continuous identity monitoring;digital identities;host-based IDS concept;human users;information systems;keystroke dynamics biometrics;legitimate user credentials;malicious activity;non-intrusive technique;password-based authentication;security control;static authentication mechanisms;user-centric anomaly-based detection;Access control;Authentication;Databases;Humans;Intrusion detection;Keyboards;access control;authentication;biometrics;identity theft;intrusion detection;keystroke dynamics;security}, 
doi={10.1109/CyberC.2012.43}, 
ISSN={}, 
month={Oct},}

@article{KANG201572,
title = "Keystroke dynamics-based user authentication using long and free text strings from various input devices",
journal = "Information Sciences",
volume = "308",
number = "Supplement C",
pages = "72 - 93",
year = "2015",
issn = "0020-0255",
doi = "https://doi.org/10.1016/j.ins.2014.08.070",
url = "http://www.sciencedirect.com/science/article/pii/S0020025514009062",
author = "Pilsung Kang and Sungzoon Cho",
keywords = "Keystroke dynamics, User authentication, Long and free text strings, Various input devices, CramÃ©râ€“von Mises criterion,  and  measure"
}

@INPROCEEDINGS{Kaneko, 
author={Y. Kaneko and Y. Kinpara and Y. Shiomi}, 
booktitle={2011 Ninth Annual International Conference on Privacy, Security and Trust}, 
title={A hamming distance-like filtering in keystroke dynamics}, 
year={2011}, 
volume={}, 
number={}, 
pages={93-95}, 
keywords={biometrics (access control);security of data;biometrics;dissimilarity measurement;filter method;hamming distance like filtering;input predefined text;keystroke data;keystroke dynamics based user authentication;Authentication;Filtering;Hamming distance;Privacy;Proposals;Tuning;Hamming distance;dissimility measures;keystroke dynamics;user authentication}, 
doi={10.1109/PST.2011.5971969}, 
ISSN={}, 
month={July},}

@ARTICLE{Ahmed, 
author={A. A. Ahmed and I. Traore}, 
journal={IEEE Transactions on Cybernetics}, 
title={Biometric Recognition Based on Free-Text Keystroke Dynamics}, 
year={2014}, 
volume={44}, 
number={4}, 
pages={458-472}, 
keywords={biometrics (access control);neural nets;text analysis;EER;FAR;FRR;biometric recognition;digraph analysis;equal error rate;false acceptance ratio;false rejection ratio;free text analysis;free-text keystroke dynamics;monograph analysis;neural network;Biometrics;continuous authentication;free text recognition;keystroke analysis;neural networks}, 
doi={10.1109/TCYB.2013.2257745}, 
ISSN={2168-2267}, 
month={April},}